%
%  Bibliography file
%
% In the .bib file, you list all the references you may ever want to cite in your article.
% You can of course reuse this file for all the articles you are ever going to write.


%=====

@article{ampomah2020,
  title={Evaluation of tree-based ensemble machine learning models in predicting stock price direction of movement},
  author={Ampomah, Ernest Kwame and Qin, Zhiguang and Nyame, Gabriel},
  journal={Information},
  volume={11},
  number={6},
  pages={332},
  year={2020},
  publisher={MDPI}
}

@article{ballings2015,
  title={Evaluating multiple classifiers for stock price direction prediction},
  author={Ballings, Michel and Van den Poel, Dirk and Hespeels, Nathalie and Gryp, Ruben},
  journal={Expert systems with Applications},
  volume={42},
  number={20},
  pages={7046--7056},
  year={2015},
  publisher={Elsevier}
}

@article{saetia2022,
  title={Stock movement prediction using machine learning based on technical indicators and Google trend searches in Thailand},
  author={Saetia, Kittipob and Yokrattanasak, Jiraphat},
  journal={International Journal of Financial Studies},
  volume={11},
  number={1},
  pages={5},
  year={2022},
  publisher={MDPI}
}

@book{james2023,
  title={An introduction to statistical learning: With applications in python},
  author={James, Gareth and Witten, Daniela and Hastie, Trevor and Tibshirani, Robert and Taylor, Jonathan},
  year={2023},
  publisher={Springer Nature}
}

@article{ayyildiz2024,
  title={How effective is machine learning in stock market predictions?},
  author={Ayyildiz, Nazif and Iskenderoglu, Omer},
  journal={Heliyon},
  volume={10},
  number={2},
  year={2024},
  publisher={Elsevier}
}

@article{henrique2023,
  title={Practical machine learning: Forecasting daily financial markets directions},
  author={Henrique, Bruno Miranda and Sobreiro, Vinicius Amorim and Kimura, Herbert},
  journal={Expert Systems with Applications},
  volume={233},
  pages={120840},
  year={2023},
  publisher={Elsevier}
}

@inproceedings{kumar2006,
  title={Forecasting stock index movement: A comparison of support vector machines and random forest},
  author={Kumar, Manish and Thenmozhi, M},
  booktitle={Indian institute of capital markets 9th capital markets conference paper},
  year={2006}
}

@article{zhou2020,
  title={Forecasting stock price movements with multiple data sources: Evidence from stock market in China},
  author={Zhou, Zhongbao and Gao, Meng and Liu, Qing and Xiao, Helu},
  journal={Physica A: Statistical Mechanics and its Applications},
  volume={542},
  pages={123389},
  year={2020},
  publisher={Elsevier}
}

@article{pagliaro2023,
  title={Forecasting significant stock market price changes using machine learning: extra trees classifier leads},
  author={Pagliaro, Antonio},
  journal={Electronics},
  volume={12},
  number={21},
  pages={4551},
  year={2023},
  publisher={MDPI}
}

@article{shynkevich2017,
  title={Forecasting price movements using technical indicators: Investigating the impact of varying input window length},
  author={Shynkevich, Yauheniya and McGinnity, T Martin and Coleman, Sonya A and Belatreche, Ammar and Li, Yuhua},
  journal={Neurocomputing},
  volume={264},
  pages={71--88},
  year={2017},
  publisher={Elsevier}
}

@article{gibbons1981,
  title={Day of the week effects and asset returns},
  author={Gibbons, Michael R and Hess, Patrick},
  journal={Journal of business},
  pages={579--596},
  year={1981},
  publisher={JSTOR}
}

@article{huang2005,
  title={Forecasting stock market movement direction with support vector machine},
  author={Huang, Wei and Nakamori, Yoshiteru and Wang, Shou-Yang},
  journal={Computers \& operations research},
  volume={32},
  number={10},
  pages={2513--2522},
  year={2005},
  publisher={Elsevier}
}

@article{kim2003,
  title={Financial time series forecasting using support vector machines},
  author={Kim, Kyoung-jae},
  journal={Neurocomputing},
  volume={55},
  number={1-2},
  pages={307--319},
  year={2003},
  publisher={Elsevier}
}

@article{Kara2011,
  title={Predicting direction of stock price index movement using artificial neural networks and support vector machines: The sample of the Istanbul Stock Exchange},
  author={Kara, Yakup and Boyacioglu, Melek Acar and Baykan, {\"O}mer Kaan},
  journal={Expert systems with Applications},
  volume={38},
  number={5},
  pages={5311--5319},
  year={2011},
  publisher={Elsevier}
}

@article{patel2015,
  title={Predicting stock and stock price index movement using trend deterministic data preparation and machine learning techniques},
  author={Patel, Jigar and Shah, Sahil and Thakkar, Priyank and Kotecha, Ketan},
  journal={Expert systems with applications},
  volume={42},
  number={1},
  pages={259--268},
  year={2015},
  publisher={Elsevier}
}

@article{Ismail2020,
  title={Predicting next day direction of stock price movement using machine learning methods with persistent homology: Evidence from Kuala Lumpur Stock Exchange},
  author={Ismail, Mohd Sabri and Noorani, Mohd Salmi Md and Ismail, Munira and Razak, Fatimah Abdul and Alias, Mohd Almie},
  journal={Applied Soft Computing},
  volume={93},
  pages={106422},
  year={2020},
  publisher={Elsevier}
}

@book{Hastie2009,
  title={The elements of statistical learning: data mining, inference, and prediction},
  author={Hastie, Trevor and Tibshirani, Robert and Friedman, Jerome H and Friedman, Jerome H},
  volume={2},
  year={2009},
  publisher={Springer}
}

